34100000      081233013052000151                    08719 000000168604 1Adiante Recebiveis S A        ITAU                                    12702202015114900000000000000                                                                     
34100011C2041040 233013052000151                    08719 000000016860 4Adiante Recebiveis S A                                                Rua Conceicao Monte Alegre    107  9 Andar        Sao Paulo           04563060SP                  
3410001300001A00200000102323 000000083283 1Debora e Gael Corretores Assoc8205                27022020009000000000000000000000000077902                    00000000000000000000000                    00000029488796000155  00010                
3410001300001B   229488796000155Avenida Miruna 713            00321ldasldasldlsaldJardim NilopoliSao Paulo           04084900SP                                                                                                                 
34100015         000004000000000000077902000000000000000000                                                                                                                                                                                     
34199999         000001000006                                                                                                                                                                                                                   