34100000      081233013052000151                    08719 000000016860 4Adiante Recebiveis S.A        BANCO ITAU S.A.                         10503202012000000000000000000                                                                     
34100011C2001040 233013052000151                    08719 000000016860 4Adiante Recebiveis S.A                                                Rua Conceicao Monte Alegre    001079 Andar        Sao Paulo           04563060SP                  
3410001300001A00200000102323 000000083283 1Debora e Gael Corretores Assoc8239                05032020009000000000000000000000000000100                    00000000000000000000000                    00000029488796000155  00010                
3410001300002B   229488796000155Praca da Se                   00321ldasldasldlsaldSe             Sao Paulo           01001000SP                                                                                                                 
34100015         000004000000000000000100000000000000000000                                                                                                                                                                                     
34199999         000001000006                                                                                                                                                                                                                   
