34100000      081233013052000151                    08719 000000016860 4Adiante Recebiveis S.A        BANCO ITAU S/A                          21809201914133700057008106250                                                                     
34100011C2041081 233013052000151                    08719 000000016860 4Adiante Recebiveis S.A                                                Rua Conceicao Monte Alegre    00107               Sao Paulo           04563060SP                  
3410001300001A00000000103849 000000297569 6word-metalic-comercio-e-distri7053                18092019BRL000000000000000000000000838779840149345000011     18092019000000000838779                    21274019706125000160  00010     0BD        
3410001300002A00000020800001 000000202323 7maxxi-distribuidora-de-medicam7051                18092019BRL303062940000000000000000362628840149345000029     18092019000000000362628                    21274105199870000155  00010     0BD        
3410001300003A00000003301480 000013001884 8castro-servicos-maritimos-eire7052                18092019BRL904008880000000000000000473284840149345000037     18092019000000000473284                    21274222790704000148  00010     0BD        
34100015         000005000000000001674691000000000000000000                                                                                                                                                                                     
34199999         000001000007000000                                                                                                                                                                                                             
34100000      081233013052000151                    08719 000000016860 4Adiante Recebiveis S.A        BANCO ITAU S/A                          21809201914133700057008106250                                                                     
34100011C2041081 233013052000151                    08719 000000016860 4Adiante Recebiveis S.A                                                Rua Conceicao Monte Alegre    00107               Sao Paulo           04563060SP                  
3410001300001A00000000103849 000000297569 6word-metalic-comercio-e-distri7053                18092019BRL000000000000000000000000838779840149345000011     18092019000000000838779                    21274019706125000160  00010     0BD        
3410001300002A00000020800001 000000202323 7maxxi-distribuidora-de-medicam7051                18092019BRL303062940000000000000000362628840149345000029     18092019000000000362628                    21274105199870000155  00010     0BD        
3410001300003A00000003301480 000013001884 8castro-servicos-maritimos-eire7052                18092019BRL904008880000000000000000473284840149345000037     18092019000000000473284                    21274222790704000148  00010     0BD        
34100015         000005000000000001674691000000000000000000                                                                                                                                                                                     
34199999         000001000007000000                                                                                                                                                                                                             
34100000      081233013052000151                    08719 000000016860 4Adiante Recebiveis S.A        BANCO ITAU S/A                          21809201914133700057008106250                                                                     
34100011C2041081 233013052000151                    08719 000000016860 4Adiante Recebiveis S.A                                                Rua Conceicao Monte Alegre    00107               Sao Paulo           04563060SP                  
3410001300001A00000000103849 000000297569 6word-metalic-comercio-e-distri7053                18092019BRL000000000000000000000000838779840149345000011     18092019000000000838779                    21274019706125000160  00010     0BD        
3410001300002A00000020800001 000000202323 7maxxi-distribuidora-de-medicam7051                18092019BRL303062940000000000000000362628840149345000029     18092019000000000362628                    21274105199870000155  00010     0BD        
3410001300003A00000003301480 000013001884 8castro-servicos-maritimos-eire7052                18092019BRL904008880000000000000000473284840149345000037     18092019000000000473284                    21274222790704000148  00010     0BD        
34100015         000005000000000001674691000000000000000000                                                                                                                                                                                     
34199999         000001000007000000                                                                                                                                                                                                             
34100000      081233013052000151                    08719 000000016860 4Adiante Recebiveis S.A        BANCO ITAU S/A                          21809201914133700057008106250                                                                     
34100011C2041081 233013052000151                    08719 000000016860 4Adiante Recebiveis S.A                                                Rua Conceicao Monte Alegre    00107               Sao Paulo           04563060SP                  
3410001300001A00000000103849 000000297569 6word-metalic-comercio-e-distri7053                18092019BRL000000000000000000000000838779840149345000011     18092019000000000838779                    21274019706125000160  00010     0BD        
3410001300002A00000020800001 000000202323 7maxxi-distribuidora-de-medicam7051                18092019BRL303062940000000000000000362628840149345000029     18092019000000000362628                    21274105199870000155  00010     0BD        
3410001300003A00000003301480 000013001884 8castro-servicos-maritimos-eire7052                18092019BRL904008880000000000000000473284840149345000037     18092019000000000473284                    21274222790704000148  00010     0BD        
34100015         000005000000000001674691000000000000000000                                                                                                                                                                                     
34199999         000001000007000000                                                                                                                                                                                                             
34100000      081233013052000151                    08719 000000016860 4Adiante Recebiveis S.A        BANCO ITAU S/A                          21809201914133700057008106250                                                                     
34100011C2041081 233013052000151                    08719 000000016860 4Adiante Recebiveis S.A                                                Rua Conceicao Monte Alegre    00107               Sao Paulo           04563060SP                  
3410001300001A00000000103849 000000297569 6word-metalic-comercio-e-distri7053                18092019BRL000000000000000000000000838779840149345000011     18092019000000000838779                    21274019706125000160  00010     0BD        
3410001300002A00000020800001 000000202323 7maxxi-distribuidora-de-medicam7051                18092019BRL303062940000000000000000362628840149345000029     18092019000000000362628                    21274105199870000155  00010     0BD        
3410001300003A00000003301480 000013001884 8castro-servicos-maritimos-eire7052                18092019BRL904008880000000000000000473284840149345000037     18092019000000000473284                    21274222790704000148  00010     0BD        
34100015         000005000000000001674691000000000000000000                                                                                                                                                                                     
34199999         000001000007000000                                                                                                                                                                                                             
34100000      081233013052000151                    08719 000000016860 4Adiante Recebiveis S.A        BANCO ITAU S/A                          21809201914133700057008106250                                                                     
34100011C2041081 233013052000151                    08719 000000016860 4Adiante Recebiveis S.A                                                Rua Conceicao Monte Alegre    00107               Sao Paulo           04563060SP                  
3410001300001A00000000103849 000000297569 6word-metalic-comercio-e-distri7053                18092019BRL000000000000000000000000838779840149345000011     18092019000000000838779                    21274019706125000160  00010     0BD        
3410001300002A00000020800001 000000202323 7maxxi-distribuidora-de-medicam7051                18092019BRL303062940000000000000000362628840149345000029     18092019000000000362628                    21274105199870000155  00010     0BD        
3410001300003A00000003301480 000013001884 8castro-servicos-maritimos-eire7052                18092019BRL904008880000000000000000473284840149345000037     18092019000000000473284                    21274222790704000148  00010     0BD        
34100015         000005000000000001674691000000000000000000                                                                                                                                                                                     
34199999         000001000007000000                                                                                                                                                                                                             
34100000      081233013052000151                    08719 000000016860 4Adiante Recebiveis S.A        BANCO ITAU S/A                          21809201914133700057008106250                                                                     
34100011C2041081 233013052000151                    08719 000000016860 4Adiante Recebiveis S.A                                                Rua Conceicao Monte Alegre    00107               Sao Paulo           04563060SP                  
3410001300001A00000000103849 000000297569 6word-metalic-comercio-e-distri7053                18092019BRL000000000000000000000000838779840149345000011     18092019000000000838779                    21274019706125000160  00010     0BD        
3410001300002A00000020800001 000000202323 7maxxi-distribuidora-de-medicam7051                18092019BRL303062940000000000000000362628840149345000029     18092019000000000362628                    21274105199870000155  00010     0BD        
3410001300003A00000003301480 000013001884 8castro-servicos-maritimos-eire7052                18092019BRL904008880000000000000000473284840149345000037     18092019000000000473284                    21274222790704000148  00010     0BD        
34100015         000005000000000001674691000000000000000000                                                                                                                                                                                     
34199999         000001000007000000                                                                                                                                                                                                             
34100000      081233013052000151                    08719 000000016860 4Adiante Recebiveis S.A        BANCO ITAU S/A                          21809201914133700057008106250                                                                     
34100011C2041081 233013052000151                    08719 000000016860 4Adiante Recebiveis S.A                                                Rua Conceicao Monte Alegre    00107               Sao Paulo           04563060SP                  
3410001300001A00000000103849 000000297569 6word-metalic-comercio-e-distri7053                18092019BRL000000000000000000000000838779840149345000011     18092019000000000838779                    21274019706125000160  00010     0BD        
3410001300002A00000020800001 000000202323 7maxxi-distribuidora-de-medicam7051                18092019BRL303062940000000000000000362628840149345000029     18092019000000000362628                    21274105199870000155  00010     0BD        
3410001300003A00000003301480 000013001884 8castro-servicos-maritimos-eire7052                18092019BRL904008880000000000000000473284840149345000037     18092019000000000473284                    21274222790704000148  00010     0BD        
34100015         000005000000000001674691000000000000000000                                                                                                                                                                                     
34199999         000001000007000000                                                                                                                                                                                                             
34100000      081233013052000151                    08719 000000016860 4Adiante Recebiveis S.A        BANCO ITAU S/A                          21809201914133700057008106250                                                                     
34100011C2041081 233013052000151                    08719 000000016860 4Adiante Recebiveis S.A                                                Rua Conceicao Monte Alegre    00107               Sao Paulo           04563060SP                  
3410001300001A00000000103849 000000297569 6word-metalic-comercio-e-distri7053                18092019BRL000000000000000000000000838779840149345000011     18092019000000000838779                    21274019706125000160  00010     0BD        
3410001300002A00000020800001 000000202323 7maxxi-distribuidora-de-medicam7051                18092019BRL303062940000000000000000362628840149345000029     18092019000000000362628                    21274105199870000155  00010     0BD        
3410001300003A00000003301480 000013001884 8castro-servicos-maritimos-eire7052                18092019BRL904008880000000000000000473284840149345000037     18092019000000000473284                    21274222790704000148  00010     0BD        
34100015         000005000000000001674691000000000000000000                                                                                                                                                                                     
34199999         000001000007000000                                                                                                                                                                                                             
34100000      081233013052000151                    08719 000000016860 4Adiante Recebiveis S.A        BANCO ITAU S/A                          21809201914133700057008106250                                                                     
34100011C2041081 233013052000151                    08719 000000016860 4Adiante Recebiveis S.A                                                Rua Conceicao Monte Alegre    00107               Sao Paulo           04563060SP                  
3410001300001A00000000103849 000000297569 6word-metalic-comercio-e-distri7053                18092019BRL000000000000000000000000838779840149345000011     18092019000000000838779                    21274019706125000160  00010     0BD        
3410001300002A00000020800001 000000202323 7maxxi-distribuidora-de-medicam7051                18092019BRL303062940000000000000000362628840149345000029     18092019000000000362628                    21274105199870000155  00010     0BD        
3410001300003A00000003301480 000013001884 8castro-servicos-maritimos-eire7052                18092019BRL904008880000000000000000473284840149345000037     18092019000000000473284                    21274222790704000148  00010     0BD        
34100015         000005000000000001674691000000000000000000                                                                                                                                                                                     
34199999         000001000007000000                                                                                                                                                                                                             
